<record><leader>00000cas a2200000 a 4500</leader><controlfield tag="001">42336562</controlfield><controlfield tag="007">hd afb---bacp</controlfield><controlfield tag="007">hd bfb---babp</controlfield><controlfield tag="008">820826d19391952wauwr nea     0   a0eng c</controlfield><datafield ind1=" " ind2=" " tag="010"><subfield code="a">sn 99048549 </subfield></datafield><datafield ind1=" " ind2=" " tag="040"><subfield code="a">Wa</subfield><subfield code="b">eng</subfield><subfield code="c">WRJ</subfield><subfield code="d">WAU</subfield><subfield code="d">OCLCQ</subfield><subfield code="d">OCLCF</subfield><subfield code="d">OCLCO</subfield><subfield code="d">OCLCQ</subfield></datafield><datafield ind1=" " ind2=" " tag="012"><subfield code="i">9912</subfield></datafield><datafield ind1=" " ind2=" " tag="042"><subfield code="a">pcc</subfield></datafield><datafield ind1=" " ind2=" " tag="043"><subfield code="a">n-us-wa</subfield></datafield><datafield ind1="0" ind2=" " tag="082"><subfield code="a">071.9792</subfield><subfield code="2">19</subfield></datafield><datafield ind1="0" ind2=" " tag="130"><subfield code="a">Advertiser (Raymond, Wash. : 1939)</subfield></datafield><datafield ind1="1" ind2="4" tag="245"><subfield code="a">The advertiser.</subfield></datafield><datafield ind1="1" ind2="7" tag="246"><subfield code="a">Raymond advertiser</subfield></datafield><datafield ind1=" " ind2=" " tag="260"><subfield code="a">Raymond, Wash. :</subfield><subfield code="b">Kennedy Press,</subfield><subfield code="c">1939-1952.</subfield></datafield><datafield ind1=" " ind2=" " tag="300"><subfield code="a">volumes</subfield></datafield><datafield ind1=" " ind2=" " tag="310"><subfield code="a">Weekly</subfield></datafield><datafield ind1=" " ind2=" " tag="336"><subfield code="a">text</subfield><subfield code="b">txt</subfield><subfield code="2">rdacontent</subfield></datafield><datafield ind1=" " ind2=" " tag="337"><subfield code="a">microform</subfield><subfield code="b">h</subfield><subfield code="2">rdamedia</subfield></datafield><datafield ind1=" " ind2=" " tag="338"><subfield code="a">microfilm reel</subfield><subfield code="b">hd</subfield><subfield code="2">rdacarrier</subfield></datafield><datafield ind1="0" ind2=" " tag="362"><subfield code="a">Vol. 21, no. 2 (Oct. 19, 1939)-v. 31, no. 35 (Aug. 28, 1952).</subfield></datafield><datafield ind1=" " ind2=" " tag="500"><subfield code="a">Publisher: A.T. Bailey and R.C. Bailey, Oct. 1949-Aug. 1952.</subfield></datafield><datafield ind1=" " ind2=" " tag="533"><subfield code="a">Microfilm.</subfield><subfield code="b">[Seattle, Wash.] :</subfield><subfield code="c">University of Washington Library.</subfield><subfield code="e">2 microfilm reels ; 35 mm.</subfield></datafield><datafield ind1=" " ind2="0" tag="651"><subfield code="a">Raymond (Wash.)</subfield><subfield code="v">Newspapers.</subfield></datafield><datafield ind1=" " ind2="7" tag="651"><subfield code="a">Washington (State)</subfield><subfield code="z">Raymond.</subfield><subfield code="2">fast</subfield><subfield code="0">(OCoLC)fst01289266</subfield></datafield><datafield ind1=" " ind2="7" tag="655"><subfield code="a">Newspapers.</subfield><subfield code="2">fast</subfield><subfield code="0">(OCoLC)fst01423814</subfield></datafield><datafield ind1=" " ind2=" " tag="752"><subfield code="a">United States</subfield><subfield code="b">Washington</subfield><subfield code="c">Pacific</subfield><subfield code="d">Raymond.</subfield></datafield><datafield ind1="1" ind2=" " tag="776"><subfield code="c">Original</subfield><subfield code="w">(DLC)sn 88085117</subfield><subfield code="w">(OCoLC)17331086</subfield></datafield><datafield ind1="0" ind2="0" tag="780"><subfield code="t">Raymond advertiser</subfield><subfield code="w">(DLC)sn 99048548</subfield><subfield code="w">(OCoLC)42336535</subfield></datafield><datafield ind1="0" ind2="7" tag="785"><subfield code="t">Raymond herald (Raymond, Wash. : 1905)</subfield><subfield code="w">(DLC)sn 99048550</subfield></datafield><datafield ind1="0" ind2="7" tag="785"><subfield code="t">Raymond herald, the advertiser</subfield><subfield code="w">(DLC)sn 99048551</subfield></datafield><datafield ind1=" " ind2=" " tag="850"><subfield code="a">WaU</subfield></datafield></record>